/Users/davebrid/Documents/library.bib