/Users/davebridges/Documents/library.bib